@misc{quickjs,
  author       = {Fabrice Bellard and Charlie Gordon},
  howpublished = {online},
  url          = {https://bellard.org/quickjs/},
  title        = {QuickJS Javascript Engine},
  year         = {2021},
  urldate      = {2023-09-05},
}

@misc{quickjs-bench,
  author       = {Fabrice Bellard},
  howpublished = {online},
  url          = {https://bellard.org/quickjs/bench.html},
  title        = {QuickJS Benchmark},
  year         = {2019},
  urldate      = {2023-09-14},
}

@misc{es2020,
  author       = {{ECMA International}},
  howpublished = {online},
  url          = {https://262.ecma-international.org/11.0/},
  title        = {ECMA-262, 11th edition, June 2020
                  ECMAScriptÂ® 2020 Language Specification},
  year         = {2020},
  urldate      = {2023-09-05},
}

@article{cobs,
  author={Cheshire, S. and Baker, M.},
  journal={IEEE/ACM Transactions on Networking},
  title={Consistent overhead byte stuffing},
  year={1999},
  volume={7},
  number={2},
  pages={159-172},
  doi={10.1109/90.769765}
}

@misc{bench-game,
  howpublished = {online},
  url          = {https://salsa.debian.org/benchmarksgame-team/archive-alioth-benchmarksgame},
  title        = {The Benchmarks Game Debian Alioth Archive},
  year         = {2018},
  urldate      = {2023-09-13},
}

@misc{smartleds,
  author       = {{RoboticsBrno}},
  howpublished = {online},
  url          = {https://github.com/RoboticsBrno/SmartLeds},
  title        = {SmartLeds},
  year         = {2023},
  urldate      = {2023-09-13},
}

@misc{circuitpython,
    author       = {{Adafruit Industries}},
    howpublished = {online},
    url          = {https://circuitpython.org/},
    title        = {CircuitPython},
    year         = {2023},
    urldate      = {2023-09-13},
}

@misc{micropython,
    author       = {{George Robotics Limited}},
    howpublished = {online},
    url          = {https://micropython.org/},
    title        = {MicroPython},
    year         = {2023},
    urldate      = {2023-09-13},
}

@misc{espruino,
    author       = {{Pur3 Ltd}},
    howpublished = {online},
    url          = {https://www.espruino.com/},
    title        = {Espruino},
    year         = {2023},
    urldate      = {2023-09-13},
}

@misc{moddable,
    author       = {{Moddable Tech, Inc.}},
    howpublished = {online},
    url          = {https://www.moddable.com/},
    title        = {Moddable},
    year         = {2023},
    urldate      = {2023-09-13},
}

@misc{nodemcu,
    author       = {{NodeMCU Team}},
    howpublished = {online},
    url          = {https://www.nodemcu.com/index_en.html},
    title        = {NodeMCU},
    year         = {2018},
    urldate      = {2023-09-13},
}

@misc{v8,
    author       = {{The Chromium Project}},
    howpublished = {online},
    url          = {https://v8.dev/},
    title        = {V8 JavaScript Engine},
    year         = {2023},
    urldate      = {2023-09-13},
}

@misc{duktape,
    author       = {{Contributors to the Duktape project}},
    howpublished = {online},
    url          = {https://duktape.org/},
    title        = {Duktape},
    year         = {2022},
    urldate      = {2023-09-13},
}

@misc{mujs,
    author       = {{Artifex Software, Inc.}},
    howpublished = {online},
    url          = {https://mujs.com/},
    title        = {muJS},
    year         = {2020},
    urldate      = {2023-09-13},
}

@misc{esp32,
    author       = {{Espressif Systems}},
    howpublished = {online},
    url          = {https://www.espressif.com/sites/default/files/documentation/esp32_datasheet_en.pdf},
    title        = {ESP32 Series Datasheet},
    year         = {2023},
    urldate      = {2023-09-16},
}

@misc{esp32-s3,
    author       = {{Espressif Systems}},
    howpublished = {online},
    url          = {https://www.espressif.com/sites/default/files/documentation/esp32-s3_datasheet_en.pdf},
    title        = {ESP32-S3 Series Datasheet},
    year         = {2023},
    urldate      = {2023-09-16},
}
